<record><leader>00000cas a22000007a 4500</leader><controlfield tag="001">11480882</controlfield><controlfield tag="008">841211c19749999nyudn ne      0   a0eng d</controlfield><controlfield tag="009">148</controlfield><datafield ind1=" " ind2=" " tag="010"><subfield code="a">sn 84035921 </subfield></datafield><datafield ind1=" " ind2=" " tag="040"><subfield code="a">NYG</subfield><subfield code="b">eng</subfield><subfield code="c">NYG</subfield><subfield code="d">DLC</subfield><subfield code="d">NYS</subfield><subfield code="d">NSD</subfield><subfield code="d">NYS</subfield><subfield code="d">OCLCQ</subfield></datafield><datafield ind1=" " ind2=" " tag="012"><subfield code="m">1</subfield></datafield><datafield ind1="1" ind2=" " tag="022"><subfield code="a">0897-0505</subfield><subfield code="l">0897-0505</subfield><subfield code="2">1</subfield></datafield><datafield ind1="1" ind2=" " tag="029"><subfield code="a">AU@</subfield><subfield code="b">000020422831</subfield></datafield><datafield ind1="1" ind2=" " tag="029"><subfield code="a">NZ1</subfield><subfield code="b">11697447</subfield></datafield><datafield ind1=" " ind2=" " tag="032"><subfield code="a">439940</subfield><subfield code="b">USPS</subfield></datafield><datafield ind1=" " ind2=" " tag="037"><subfield code="b">Post-star, Lawrence and Cooper Sts., Glens Falls, NY 12801</subfield></datafield><datafield ind1=" " ind2=" " tag="042"><subfield code="a">msc</subfield><subfield code="a">nsdp</subfield></datafield><datafield ind1="0" ind2="0" tag="050"><subfield code="a">Newspaper</subfield></datafield><datafield ind1="0" ind2=" " tag="130"><subfield code="a">Post-star (Glens Falls, N.Y. : 1974)</subfield></datafield><datafield ind1=" " ind2="4" tag="222"><subfield code="a">The Post-star</subfield><subfield code="b">(Glens Falls, N.Y. 1974)</subfield></datafield><datafield ind1="0" ind2="4" tag="245"><subfield code="a">The post-star.</subfield></datafield><datafield ind1="3" ind2="0" tag="246"><subfield code="a">Post star</subfield></datafield><datafield ind1="3" ind2="0" tag="246"><subfield code="a">Sunday post-star</subfield></datafield><datafield ind1="1" ind2="7" tag="246"><subfield code="a">Post-star and times</subfield></datafield><datafield ind1=" " ind2=" " tag="260"><subfield code="a">Glens Falls, N.Y.</subfield><subfield code="b">Glens Falls Newspapers,</subfield><subfield code="c">1974-</subfield></datafield><datafield ind1=" " ind2=" " tag="300"><subfield code="a">v. :</subfield><subfield code="b">ill. ;</subfield><subfield code="c">58 cm.</subfield></datafield><datafield ind1=" " ind2=" " tag="310"><subfield code="a">Daily (except Christmas day),</subfield><subfield code="b">&lt;Dec. 31, 1987-&gt;</subfield></datafield><datafield ind1="0" ind2=" " tag="362"><subfield code="a">70th year, 62nd issue (Feb. 12, 1974)-</subfield></datafield><datafield ind1=" " ind2=" " tag="500"><subfield code="a">On Sunday published as: Sunday post-star, &lt;Dec. 31, 1987-&gt;.</subfield></datafield><datafield ind1=" " ind2=" " tag="500"><subfield code="a">"An independent newspaper."</subfield></datafield><datafield ind1=" " ind2=" " tag="500"><subfield code="a">"Home newspaper of the Adirondack region."</subfield></datafield><datafield ind1=" " ind2="4" tag="651"><subfield code="a">Glens Falls (N.Y.)</subfield><subfield code="v">Newspapers.</subfield></datafield><datafield ind1=" " ind2=" " tag="752"><subfield code="a">United States</subfield><subfield code="b">New York</subfield><subfield code="c">Warren</subfield><subfield code="d">Glens Falls.</subfield></datafield><datafield ind1="0" ind2="0" tag="780"><subfield code="t">Post-star and times</subfield><subfield code="w">(DLC)sn 88074000</subfield></datafield><datafield ind1=" " ind2=" " tag="936"><subfield code="a">84th year, 34th issue (Thursday, Dec. 31, 1987) LIC</subfield></datafield></record>